4606 5736
1064 545 1449 625 ...ιρι-

396 729 485 804 racia
506 725 752 810 includuntur¹
788 723 851 823 qui
876 744 963 801 vero
981 714 1225 826 viruuqutm
1240 724 1393 814 clevari.
1425 725 1512 803 aliae
1534 723 1678 823 elliptici
1705 739 1742 802 et
1761 724 1864 806 liberi
1888 732 1946 805 vel
1970 730 2134 812 tuente

240 936 244 943 ,
398 858 494 933 tenui
513 856 707 955 gelatincro
725 855 948 929 inhaerente·
970 854 1089 931 macta
1113 854 1245 927 arctina
1263 853 1457 931 involvunt.
1518 855 1678 929 Annuloa
1701 856 1845 952 insuper
1867 859 1992 937 citatur
2016 864 2124 937 caltu-

395 990 519 1082 leaque
554 987 669 1058 rariua
696 1008 717 1056 e
742 983 906 1079 eporidiie
928 981 1172 1066 interioribua,
1203 983 1301 1075 quod
1329 983 1365 1059 in
1386 982 1520 1077 iurgia
1549 985 1742 1059 solenniter
1767 983 1939 1071 obtinet„
1965 990 2123 1065 aimulori

395 1127 597 1209 compertus
627 1136 729 1198 aum,
767 1113 834 1213 aed
869 1113 905 1191 in
939 1110 1066 1185 adultie
1094 1109 1234 1202 enepiue
1265 1111 1447 1203 preetione
1472 1110 1627 1189 adhibite
1658 1136 1679 1185 c
1707 1132 1750 1187 ee
1777 1114 1930 1199 iuricaro
1960 1120 2125 1192 accedere

258 1260 267 1277 ⁸
393 1244 476 1318 ridi.
524 1242 672 1317 Fruatre
693 1254 872 1320 coeterum
892 1239 1047 1311 diveraee
1068 1240 1249 1311 thecatum
1267 1224 1402 1315 formu
1422 1239 1468 1311 ud
1487 1260 1619 1335 genem
1635 1241 1881 1338 dieunguenea
1902 1217 1938 1315 in
1957 1246 2124 1319 auxilium

392 1394 522 1446 vocure
541 1371 679 1473 studui,
702 1370 955 1441 nonnullorum
974 1367 1117 1460 quidem
1138 1387 1308 1461 generum
1328 1390 1360 1442 r.
1376 1390 1411 1463 g.
1434 1366 1643 1452 Porinae‚
1668 1370 1973 1457 Variolariue,
1997 1396 2122 1447 omuet

394 1502 467 1575 lere
482 1502 615 1596 apeciee
632 1497 791 1596 ejusdem
812 1496 949 1575 sermea
965 1493 1285 1591 magnitudinisque
1300 1496 1420 1569 thecue
1438 1496 1579 1589 foveut3
1601 1498 1836 1592 plurimomm
1859 1521 1945 1572 vero
1961 1498 2120 1596 ejusdem

312 1678 316 1691 ·
392 1630 549 1728 generis.
576 1628 634 1702 vix
653 1648 814 1722 unquam
832 1620 992 1721 ejuadem
1009 1622 1159 1716 epeciei,
1190 1623 1330 1717 erepiue
1347 1622 1619 1710 diremiaeimue,
1644 1622 1961 1731 diversissimorum
1979 1629 2121 1709 euadam

393 1760 514 1831 thecua
536 1757 672 1839 iuveni,
696 1755 733 1827 id
751 1754 869 1850 quod,
897 1752 936 1825 ni
957 1750 1078 1834 fallor,
1103 1751 1259 1825 indolem
1281 1752 1412 1826 horum
1434 1755 1753 1857 oerpueculorum,
1783 1767 1824 1829 ut
1844 1736 1988 1848 putent,
2017 1754 2121 1828 aemi·

393 1889 533 1971 uelem,
556 1909 629 1957 non
650 1900 777 1977 perum
794 1880 1001 1953 indubium
1024 1891 1139 1959 vocat.
1195 1882 1344 1955 Accedit
1360 1882 1559 1957 obaervatio
1581 1880 1837 1967 memorabilia,
1858 1882 2033 1957 Lieheuea
2054 1883 2119 1955 im·

390 2012 635 2107 perfectiores,
666 1991 2118 2106 veri-otariam.1)ierygrna,lerinam,l'trrtroniam,scterinrn

390 2141 496 2213 alric
514 2160 624 2236 porro
641 2138 760 2235 thccue
782 2135 970 2219 maximae,
995 2134 1130 2222 forme,
1155 2149 1195 2207 ut
1215 2139 1330 2211 colent
1349 2153 1453 2212 uotce
1473 2139 1747 2233 mieroecopicae
1772 2140 1809 2211 iu
1825 2138 2034 2235 orgeniemie
2055 2140 2120 2211 mi·

388 2290 457 2341 nuc
471 2267 654 2363 perfectio,
675 2264 949 2346 constantiores,
973 2264 1163 2336 solenniter
1175 2266 1344 2359 plurimae
1362 2268 1519 2361 minoreo
1539 2267 1756 2341 includentes
1770 2268 1908 2351 lovere,
1932 2289 2025 2362 quae
2036 2268 2119 2341 dein
2189 2346 2193 2353 ,

389 2397 465 2469 fere
496 2395 663 2469 contiuua
692 2393 783 2467 aerio
806 2394 1046 2465 decrescentes
1083 2394 1120 2465 in
1152 2372 1473 2469 Parnetiiceie
1502 2395 1650 2491 aliisque
1684 2395 1848 2469 lamina
1879 2394 2116 2469 diacoidea
2184 2383 2214 2426 ⁵

387 2526 542 2597 coloratu
557 2523 789 2620 gaudentibus
806 2520 990 2606 minimae,
1009 2543 1128 2605 rarae,
1149 2522 1258 2594 aemel
1278 2523 1335 2594 vel
1355 2535 1409 2596 ter
1422 2526 1626 2607 annulatae,
1652 2525 1811 2597 omnium
1821 2523 2018 2618 specierum
2035 2546 2116 2595 eaa·

320 2633 324 2639 ⁵
388 2654 488 2739 dem,
510 2654 651 2725 tandem
668 2652 706 2724 in
723 2651 888 2724 Uaneie
903 2650 1095 2725 solenniter
1114 2650 1282 2747 globoeae
1302 2664 1338 2723 et
1358 2652 1508 2725 maxime
1526 2652 1724 2745 pellucidae
1740 2664 1921 2748 apparent.
1948 2720 1951 2727 ,
1971 2650 2116 2725 Theoae

386 2781 489 2865 hinc,
520 2783 573 2852 uti
600 2780 713 2855 vuum
740 2796 813 2865 eet,
849 2779 1047 2853 Liehenum
1075 2779 1220 2883 quidem
1245 2778 1496 2872 perfectiorum
1525 2782 1640 2874 eperia
1669 2780 1928 2875 Fungcrum
1955 2779 2114 2852 aeminell

383 2909 540 3005 potentia
568 2930 761 3003 eancquam
786 2907 916 2981 indutie
936 2909 1126 2990 accedunt,
1160 2906 1278 2979 minue
1306 2929 1392 2981 cero
1414 2909 1656 2992 evolutorum,
1692 2929 1847 3002 quorum
1875 2908 1977 3003 copia
1998 2902 2115 3004 major

340 3064 344 3071 ·
386 3051 455 3121 eet,
493 3038 581 3112 arcii
607 3036 821 3133 tilgurum
841 3037 1084 3133 aquaticorum
1108 3057 1289 3108 neuram
1315 3049 1417 3107 motu
1444 3051 1640 3132 apontanee
1666 3035 1832 3130 praeditis
1853 3035 1984 3109 eitnilee
2011 3044 2112 3117 eunt,

385 3167 539 3263 ideoque
568 3176 733 3239 naturam
764 3190 866 3238 auam
900 3165 1118 3241 animalculis
1141 3162 1343 3243 infusoriis.
1359 3186 1469 3259 quom
1499 3165 1692 3243 teminibue
1721 3165 1780 3237 vii
1812 3185 1885 3237 uon
1906 3161 2111 3256 propiorem

385 3297 490 3366 oculo
510 3306 646 3363 armatu
662 3295 830 3383 produnt.
1390 3358 1393 3363 .

501 3417 702 3525 S‘oredin,
735 3417 765 3490 ei
786 3416 939 3497 lernau
965 3416 1176 3513 quibuadam
1196 3415 1386 3512 epccicbua·
1399 3414 1583 3511 propriam
1604 3413 1778 3508 excipiee,
1811 3411 1870 3483 vix
1892 3424 2015 3483 notum
2033 3432 2112 3506 apa·

384 3545 540 3631 cificam,
561 3571 608 3620 ne
631 3547 744 3623 dicatu
769 3549 969 3645 genoricum
990 3547 1175 3641 perhibere
1194 3544 1267 3619 viae
1288 3557 1388 3628 tunt,
1412 3543 1545 3641 quippe
1565 3564 1658 3639 queo
1677 3536 1872 3637 systematis
1893 3536 2110 3611 ultraaexua·

382 3676 426 3751 lit
444 3676 614 3773 reliquiae
640 3677 695 3749 rel
715 3674 988 3771 prolificationee
1011 3701 1032 3751 e
1052 3677 1232 3751 atarilitate
1259 3686 1294 3747 et
1315 3676 1395 3749 loco
1424 3672 1625 3749 humidiore
1645 3669 1837 3767 pendentes
1859 3667 1916 3739 rel
1941 3665 2108 3741 fortuitae

385 3807 609 3883 rotumnode
630 3807 885 3881 excreecentiae
908 3816 1001 3879 tunt.
