4606 5736
1076 475 1133 502 ..
1240 444 1273 543 4
1380 478 1433 498 .-

393 640 550 731 eadem
575 651 696 728 terra
723 634 912 726 aOlarr.
933 588 1248 725 Freireisio
1271 650 1318 725 et
1342 634 1612 726 Sellowio
1634 634 1777 765 lectos
1800 637 1927 728 oculo
1951 652 2121 728 armato

392 777 673 904 perlustravi,
690 809 888 899 quorum
900 775 1217 898 descriptiones
1230 776 1506 899 prolixiores
1519 805 1827 900 generruuque
1840 780 2122 898 singulorum

394 918 711 1010 illustrationes
741 916 794 1006 in
822 917 1132 1040 prodromo
1161 917 1341 1006 slorae
1378 916 1733 1008 brasiliensis
1764 951 1790 1007 a
1816 920 1970 1040 priore
1995 918 2125 1007 brevi

203 1034 206 1041 Ι
272 1150 278 1159 ,
396 1060 572 1151 edendo
588 1089 848 1180 proponere
863 1058 1024 1177 cogito.
1082 1056 1280 1181 Nequege
1291 1055 1446 1144 ceteris
1460 1054 1578 1144 orbis
1587 1068 1811 1148 terrarum
1823 1058 2037 1181 partibus,
2063 1090 2124 1147 ex

396 1201 598 1322 utrisque
625 1198 827 1305 Indiis,
862 1196 1168 1299 ePeruvia,
1211 1229 1274 1285 ex
1301 1195 1563 1286 America
1595 1199 2058 1319 septentrionali,
2098 1232 2124 1285 e

395 1342 581 1462 capite
616 1339 794 1431 bonae
828 1337 970 1457 spei,
1013 1335 1293 1439 eSibiria,
1336 1336 1653 1458 Lapponia,
1695 1336 1958 1430 Islandia'
1978 1338 2125 1430 defuit

395 1482 694 1605 speciminum
720 1509 805 1601 pro
828 1478 999 1587 majore
1028 1476 1230 1596 partein
1255 1474 1528 1565 herbario
1550 1474 1970 1585 Schreberiano
1995 1510 2124 1571 asser·

397 1634 606 1711 vatorum
631 1618 707 1707 vel
732 1618 785 1705 in
809 1614 1043 1706 corticibus
1070 1615 1357 1707 officinalibus
1383 1615 1678 1708 inventorum
1701 1612 1830 1741 copia
1862 1653 1976 1743 quae
2002 1622 2122 1709 milri

394 1761 703 1884 plantulerum
720 1759 966 1847 carmidem
982 1786 1193 1876 magnam
1210 1790 1296 1879 per
1313 1770 1462 1847 totum
1478 1757 1636 1846 orbem
1651 1772 1878 1849 terrarum
1897 1795 1945 1849 ac
1964 1760 2121 1882 impri-

395 1902 482 1991 mis
504 1901 585 1990 sub
610 1898 733 1988 coelo
747 1899 938 2002 fervido,
956 1930 1092 2016 quarn
1115 1898 1165 1984 in
1189 1901 1376 2017 regione
1391 1898 1561 1987 boreali
1582 1900 1887 2022 frequentiam
1905 1900 2121 1990 colorum-

396 2072 485 2164 que
510 2039 780 2158 plendorem
802 2035 937 2153 longe
962 2037 1154 2126 maiores
1179 2040 1367 2128 omnino
1389 2039 1752 2161 comprobarunt.
1811 2040 1991 2130 Collatis
2015 2041 2123 2131 dein

398 2178 606 2269 omnium
632 2174 832 2265 iconibus
855 2177 1133 2287 anatomicis,
1167 2210 1360 2300 quarum
1386 2179 1625 2269 nonnullas
1651 2180 1774 2271 hisce
1796 2180 2018 2292 adjiciam,
2048 2214 2122 2269 ne·

397 2353 484 2442 que
500 2316 703 2435 neglecto
720 2313 882 2404 habitu
901 2317 1070 2407 occulte
1093 2319 1406 2423 consultando,
1434 2321 1542 2410 sica
1560 2306 1902 2443 particularibus
1922 2321 1978 2408 ad
1993 2351 2121 2440 gene-

395 2460 507 2549 ralia
528 2456 791 2563 deveniens,
819 2455 950 2548 valde
979 2458 1187 2583 obstupui
1198 2529 1210 2569 ,
1240 2461 1448 2551 omnium
1475 2461 1708 2551 lichenum
1737 2474 2004 2549 structuram
2030 2495 2120 2553 ma·

397 2601 526 2690 xime
550 2614 794 2717 congruere
823 2630 906 2687 nec
936 2598 1025 2688 nisi
1050 2633 1208 2721 paucas
1239 2614 1364 2690 notas
1392 2602 1450 2691 ad
1475 2631 1639 2720 genera
1662 2602 1977 2718 distinguenda
1998 2601 2119 2717 sacili

396 2740 580 2859 negotio
612 2739 662 2826 in
691 2739 871 2827 schema
903 2736 1201 2859 disponendas
1224 2726 1485 2846 remanere,
1527 2771 1691 2860 genera
1714 2739 1820 2827 dein
1850 2740 1911 2828 sic
1938 2740 2119 2829 collecta

395 2882 502 2971 licet
520 2877 647 2969 novis
667 2879 784 2967 notis
807 2880 1032 2988 distincta,
1072 2881 1410 3005 quamplurima
1431 2878 1642 2970 cumillis
1665 2879 1905 2967 Acharii
1930 2878 2117 2965 omnino

395 3021 590 3111 identica
607 3051 696 3109 csse
717 3018 941 3140 simulque
961 3022 1128 3110 summi
1149 3020 1451 3139 Lichenologi
1472 3020 1698 3137 insignem
1724 3018 1916 3140 probare
1934 3020 2117 3109 circum-

395 3162 680 3283 spectionem
736 3160 795 3246 In
817 3171 942 3249 tanto
966 3161 1119 3283 itaque
1139 3160 1240 3249 viro
1263 3160 1527 3273 corrigendo
1548 3191 1727 3274 semper
1744 3172 1894 3243 cautus
1912 3159 2003 3257 sui,
2032 3166 2118 3243 ter·

395 3300 543 3389 minos
566 3308 699 3414 atque
727 3328 947 3410 generum
970 3302 1160 3383 nomina
1181 3328 1206 3379 a
1231 3292 1554 3399 recentioribus
1576 3306 1749 3412 accepta
1770 3293 1954 3381 nonnisi
1975 3326 2118 3386 neces·

397 3440 523 3529 sitate
543 3445 733 3552 urgente
751 3465 880 3523 sensu
903 3433 1121 3554 peculiari
1139 3432 1372 3553 usurpavi3
1402 3429 1544 3519 malui
1568 3464 1705 3520 novas
1730 3464 1799 3520 res
1821 3432 1902 3522 sub
1917 3426 2118 3556 ¹antiquis

396 3574 675 3680 nominibus,
702 3607 839 3695 quam
865 3575 1048 3697 antiqua
1073 3572 1154 3663 sub
1180 3570 1439 3661 nominibus
1461 3571 1589 3659 novis
1609 3572 1727 3663 clare.
1782 3572 1971 3661 Facilius
1994 3608 2118 3696 prae-

399 3732 520 3809 terea
541 3717 705 3805 ducens
722 3715 1027 3819 commiscere,
1055 3748 1191 3835 quam
1211 3714 1527 3833 circumspecte
1548 3740 1796 3818 secernere,
1826 3742 1990 3831 genera
2007 3750 2117 3805 non-

362 3884 372 3896 ·
397 3857 523 3949 nulla
552 3854 610 3945 ob
636 3854 799 3975 species
820 3854 1112 3943 intermedias
1135 3886 1159 3941 a
1182 3850 1505 3941 recentioribus
1527 3852 1780 3961 conjuncta,
1818 3853 1854 3940 si
1878 3886 2017 3974 pauca
2040 3890 2117 3946 ex·
2201 3958 2204 3963 ,

399 3997 554 4119 cipias,
594 3995 792 4083 retinere
822 3993 982 4098 malui,
1020 4028 1123 4082 cum
1153 3994 1236 4081 vix
1258 4026 1353 4081 non
1373 3991 1545 4100 omnia,
1583 4025 1673 4112 quo
1702 3993 1842 4110 magis
1865 3972 2116 4117 specierum

399 4140 611 4230 increscat
641 4164 883 4234 numerus,
932 4165 985 4221 eo
1019 4134 1160 4251 magis
1196 4132 1322 4219 vario
1350 4130 1487 4219 modo
1520 4128 1749 4221 confluere
1780 4150 2115 4252 cognoscantur3

400 4279 452 4369 in
473 4276 696 4381 hisvero,
727 4307 840 4397 quae
864 4269 956 4363 cel.
977 4270 1245 4361 Flo'rlsius
1269 4270 1482 4380 mutavit,
1513 4269 1844 4396 observatisque
1863 4275 2113 4381 illustravit,

400 4417 453 4511 in
476 4430 683 4509 nostrum
702 4412 992 4517 commodum
1019 4409 1205 4500 sollicite
1225 4412 1511 4517 convertisse,
1547 4411 1634 4503 vix
1661 4424 1728 4504 est
1749 4416 1873 4536 quod
1893 4446 2113 4508 moneam

955 4560 1559 4591 --......----
1950 4568 1954 4579 .
