4606 5736
566 1016 1495 1201 Prasmonenda

729 1248 1339 1284 w

47 1442 50 1446 ¹
175 1356 394 1695 Quae
394 1454 543 1577 paucis
565 1422 638 1541 his
662 1449 849 1575 pagellis
871 1447 1082 1578 publici
1066 1449 1178 1575 puris
1200 1447 1306 1558 feci,
1343 1480 1519 1546 summa
1542 1469 1608 1545 est
1630 1453 1895 1547 observatio

289 1630 403 1685 num
419 1625 526 1716 quas
549 1626 687 1714 opere
702 1592 993 1713 longinquo
964 1604 1218 1686 consecutus
1235 1621 1352 1685 sum.
1409 1597 1509 1682 Jam
1529 1595 1764 1688 lichenum
1775 1616 1933 1714 mag·

102 1782 104 1786 ·
171 1738 277 1823 nam
309 1735 486 1857 copiam
511 1733 846 1851 investigatam,
886 1710 1225 1863 descripseram,
1270 1732 1326 1827 ad
1357 1763 1523 1852 genera
1553 1735 1805 1827 hodiedum
1832 1772 1895 1826 ac·

171 1890 297 1997 cepta
313 1876 648 1981 distribueram,
679 1908 783 1961 cum
800 1871 1048 1995 generalll.
1059 1871 1297 1967 Acharii
1315 1873 1477 1968 habitu
1494 1875 1681 1998 quidem
1696 1877 1896 2000 plurima
1943 1885 1945 1889 ’

171 2014 380 2120 definita,
409 2018 487 2107 sed
516 2008 787 2113 characteres
816 2014 1017 2134 ejusdem
1040 2010 1291 2107 artificiales
1316 2014 1518 2137 minime
1539 2030 1786 2107 constantes
1813 2048 1921 2105 nec-

171 2156 420 2247 essentiales
436 2171 697 2277 compertus
715 2155 948 2256 ‚rationem
966 2154 1115 2277 operis
1136 2155 1365 2263 invertere
1388 2155 1631 2277 coeperim.
1687 2154 1765 2245 Ab
1786 2156 1898 2244 hinc

172 2330 348 2408 omnes,
375 2299 454 2420 qui
477 2298 597 2385 mihi
615 2297 917 2425 obvenerunt,
944 2295 1144 2386 lichenes
1171 2267 1335 2418 absque
1351 2298 1479 2393 omni
1502 2297 1751 2418 systematis
1771 2328 1897 2419 prae·

170 2437 353 2575 judicio,
383 2438 515 2527 lentis
542 2472 629 2560 ope
655 2471 771 2526 mox
793 2437 1026 2559 simplicis,
1059 2469 1173 2525 mox
1201 2439 1472 2566 compositae
1492 2437 1788 2566 pluriumque
1810 2468 1897 2557 pro
1918 2445 1949 2499 ’-

170 2578 343 2687 majore
369 2579 606 2668 minoreve
634 2578 977 2705 perluciditate
980 2578 1096 2665 varii
1123 2580 1379 2698 augmenti,
1414 2611 1611 2708 quorum
1639 2577 1899 2672 maximum

171 2716 228 2804 ad
253 2716 609 2816 ducenteshnum
633 2719 1056 2841 quinquagesimum
1071 2719 1257 2824 accedit,
1287 2702 1442 2814 sedulo
1468 2719 1682 2822 scrutavi,
1712 2731 1898 2808 structu·

169 2888 270 2944 ram
293 2858 575 2981 singulorum
598 2859 784 2979 singulis
809 2859 1032 2951 schedulis
1054 2859 1299 2969 delineavi‚
1337 2868 1420 2950 'nec
1442 2860 1600 2978 generi
1625 2848 1803 2950 cuidam
1825 2858 1897 2946 ad·

173 2997 364 3124 signavi
413 2999 487 3088 Sic
507 3000 697 3107 multos,
695 3032 833 3121 quos
860 2999 1019 3143 collegi
1037 3000 1111 3090 vel
1128 3001 1183 3090 ab
1201 3002 1353 3096 amicis
1374 2999 1575 3107 obtinui,
1602 3000 1800 3089 lichenes
1827 3031 1899 3087 eu

171 3167 376 3257 ropaeos,
414 3174 610 3255 quorum
637 3141 863 3255 insignem
888 3172 1079 3241 messem
1111 3142 1273 3232 aClar.
1297 3142 1721 3244 Weinmanno
1707 3175 1759 3229 m
1793 3171 1901 3258 agro

30 3286 34 3293 ’
170 3275 599 3364 Paulowskiano
617 3310 721 3363 cum
745 3273 909 3395 mullis,
922 3272 1019 3361 aliis
1041 3274 1207 3393 plantis
1226 3280 1386 3365 lectam
1401 3274 1741 3364 benevolentiae
1758 3262 1901 3370 debeo

170 3409 397 3506 Illustriss.
411 3415 632 3505 Praesidis
649 3414 838 3508 Neesii
858 3412 921 3503 ab
937 3411 1247 3520 Esenbecls,
1271 3413 1380 3533 dein
1393 3415 1621 3536 imprimis
1636 3416 1902 3510 ditissimam

58 3598 60 3601 ·
173 3552 246 3645 Ill.
267 3555 324 3642 de
342 3555 545 3667 Martii
561 3547 871 3645 collectionem
885 3553 1120 3658 lichenum
1136 3551 1466 3646 brasiliensium
1486 3557 1674 3674 insigni,
1706 3591 1795 3679 qua
1814 3571 1899 3648 stu·
1988 3559 1989 3562 ‘

89 3804 93 3817 Ι
172 3696 314 3813 pendi
325 3696 394 3785 sui
408 3695 609 3823 herbarii
623 3697 872 3818 specierum
881 3694 1271 3816 speciminumque
1284 3695 1472 3804 cujusvis
1484 3696 1623 3821 copia,
1639 3696 1898 3814 integritate
1936 3704 1938 3709 ’

173 3835 518 3959 formarumque
537 3871 623 3958 pro
647 3849 808 3941 aetate,
836 3835 934 3933 loco
951 3833 1090 3924 natali
1112 3835 1301 3927 diversis
1321 3835 1480 3933 ‚solerti
1500 3836 1675 3931 delectu
1697 3838 1781 3931 vix
1806 3838 1901 3929 ullo

174 3978 465 4095 comparandi
492 4011 624 4067 usum
644 3979 853 4068 scientiae
875 3975 1052 4098 cupidis
1074 3975 1187 4070 solet
1211 3974 1375 4066 offerre
1398 3976 1718 4073 celeberrirnus
1741 3979 1921 4088 viator,
2003 4017 2007 4028 ·
2033 4054 2036 4059 .

173 4112 441 4251 liberalitate
454 4133 501 4210 et
512 4118 740 4238 singulari
755 4151 844 4240 qua
856 4152 933 4211 me
945 4117 1083 4222 fovet
1094 4115 1293 4212 amicitia
1308 4116 1694 4223 communicatam,
1708 4151 1791 4207 nec
1803 4151 1899 4205 non
2205 4208 2214 4221 ,

94 4255 117 4363 ,’
176 4286 285 4404 quos
310 4288 335 4342 a
355 4254 464 4344 Cel
482 4259 789 4348 Schradero
813 4258 941 4349 nobis
959 4258 1077 4356 tradi
1094 4257 1355 4375 benigniter
1374 4258 1897 4379 permisitSerenissi
2038 4242 2043 4249 ”

173 4394 292 4481 mus
314 4395 583 4518 Princeps
602 4399 1458 4517 MaximilianusNeovidensis,
1484 4398 1669 4489 tandem
1685 4431 1795 4519 quos
1812 4399 1896 4488 hu
2018 4468 2024 4479 2

176 4535 370 4625 maniter
401 4555 706 4630 concesserunt
735 4539 848 4632 Cell
874 4537 1265 4661 Aghardhius
1270 4553 1337 4629 et
1347 4519 1854 4633 llornse'huchius
1841 4574 1893 4628 ιιι
1999 4558 2005 4575 “
