4582 5724
617 1467 826 1581 .·Ordo
871 1462 1235 1578 lichenum
1280 1461 1637 1577 definitus.

918 1766 1333 1809 ⁴¹¹*—

274 2154 551 2331 Lielrener
574 2261 678 2326 tunt
700 2247 887 2347 plantae
912 2247 1175 2335 eaexualea,
1197 2236 1473 2331 terreatree,
1497 2263 1720 2343 perennes
1744 2245 2002 2347 (oxydataa‚

276 2385 525 2479 coloratae)
549 2405 569 2454 e
592 2388 712 2456 struto
734 2380 940 2454 medullari
962 2390 1003 2451 et
1025 2378 1238 2452 corticali
1260 2376 1550 2473 compositae,
1583 2375 1736 2470 priore
1758 2380 1827 2450 val
1848 2380 2001 2478 imper.

276 2514 393 2589 l'eete
425 2510 650 2585 celluloro
692 2512 762 2582 rel
799 2510 1112 2593 filamentoao,
1156 2531 1235 2603 per
1273 2509 1465 2581 alterum
1504 2519 1782 2602 erumpente,
1822 2530 2002 2601 aureum

278 2641 538 2736 apothecia
562 2639 843 2731 (discolora)
871 2638 1142 2733 proferente
1168 2637 1345 2710 nucleum
1372 2636 1574 2737 foventia
1603 2610 2015 2736 flocculnaossgela2

275 2768 498 2850 tinorum,
528 2767 831 2866 morigerum,
861 2769 1032 2839 demum
1052 2764 1180 2839 vario
1203 2767 1330 2840 modo
1353 2778 1661 2863 emergentem.
1726 2766 1899 2840 Therae
1920 2793 1999 2864 pro
2046 2812 2062 2875 3

276 2896 547 2981 numinibus,
579 2897 769 2980 liberae,
795 2895 1341 2994 oblongo-cylindricae,
1365 2892 1797 2992 pluri-annulatae,
1820 2899 1998 2992 saepius

275 3025 462 3121 iusuper
483 3024 730 3098 celluloaae
754 3026 827 3095 rel
850 3026 1004 3119 plures
1028 3025 1143 3098 arcia
1167 3021 1379 3104 inclusae.

316 3252 323 3269 ι
396 3154 617 3227 illustratio.
675 3152 894 3224 Lichenee
926 3153 1018 3225 inter
1042 3155 1179 3240 plantae
1207 3152 1349 3248 organis
1379 3135 1577 3226 nexualibus
1607 3154 1796 3246 frueluque
1823 3155 1999 3227 declarato

276 3278 417 3350 orbatas
442 3274 748 3372 (acotyledoneaa
766 3278 837 3369 Ag.
871 3275 1070 3371 unundraa
1087 3276 1202 3367 Lini)
1228 3280 1467 3347 duratione
1489 3282 1680 3367 paranni
1704 3280 1889 3370 vitaque
1915 3290 1999 3353 tar·

143 3430 146 3435 ·
277 3404 412 3478 reatui
436 3405 503 3475 vel
529 3399 683 3487 adreo,
719 3424 836 3496 neque
856 3423 899 3473 ex
917 3425 1030 3497 aqua,
1066 3424 1183 3496 neque
1204 3424 1249 3473 ex
1267 3403 1379 3474 humo
1398 3415 1620 3496 putrescente
1643 3400 1783 3474 oriundi
1805 3409 1998 3500 generatim

274 3534 429 3630 inriguae
454 3544 551 3603 aunt.
609 3532 790 3624 Utraque,
825 3532 1020 3603 durationis
1047 3531 1193 3601 navitae
1220 3528 1374 3601 conditio
1400 3528 1492 3601 adria
1514 3529 1684 3601 influxum
1709 3542 1997 3630 atratumque

274 3661 500 3735 corticale
518 3682 562 3732 eo
589 3660 765 3730 mediante
789 3656 1049 3730 efformandum
1071 3653 1239 3752 adjuvare
1258 3657 1418 3737 videtur,
1454 3657 1489 3727 id
1512 3657 1610 3751 quod
1627 3658 1672 3755 in
1695 3657 1770 3728 aliie
1791 3662 1925 3756 magia,
1959 3663 1997 3734 in

275 3790 350 3863 aliia
374 3789 491 3862 minua
510 3787 742 3881 conspicuum
764 3786 925 3859 omnibus
952 3781 1058 3881 hujus
1084 3769 1251 3859 familiae
1263 3784 1428 3879 plantulis
1455 3783 1660 3861 vestimento
1682 3787 1855 3884 signoque
1877 3792 1996 3885 gentili

274 3919 429 3993 inservit.

391 4044 561 4140 Quamvis
587 4043 624 4115 in
646 4041 917 4116 Liehenibua
947 4066 1019 4115 non
1052 4055 1148 4115 tanta
1176 4065 1218 4113 ae
1243 4043 1279 4114 in
1306 4041 1406 4139 Algia
1429 4042 1633 4139 Fungirque
1657 4043 1853 4120 formarum
1877 4047 1995 4121 ebrar-

179 4174 186 4183 “
275 4190 377 4250 vetur
406 4170 609 4255 diversitas,
643 4172 774 4266 duplex
803 4184 920 4246 tamen
950 4174 1150 4267 plantarum
1183 4172 1413 4266 omniumque
1444 4196 1634 4267 corporum
1664 4174 1853 4246 virentium
1880 4175 1994 4247 forma

275 4290 518 4376 elementaria:
561 4296 849 4372 filamenroaa
878 4314 913 4373 et
938 4302 1159 4372 celluloaa
1183 4299 1221 4370 in
1246 4299 1406 4392 priorum
1430 4300 1706 4373 substantiae
1728 4301 1993 4392 medullaris
2074 4372 2078 4379 .

275 4443 451 4508 rtructura
472 4424 616 4503 minime
633 4427 851 4502 derideratur
870 4429 1095 4526 quantumvis
1114 4452 1135 4501 a
1155 4439 1262 4500 atrato
1282 4428 1458 4512 rortieali,
1481 4431 1580 4525 quod
1601 4430 1675 4502 lere
1693 4429 1823 4502 nulline
1843 4442 1993 4503 etmctu·
