4606 5736
1109 518 1465 607 ...8.-

433 729 745 803 commutationum
767 723 903 796 ratione
929 723 1089 798 obtineri.
1150 724 1250 797 ldam
1270 724 1308 797 in
1336 724 1434 823 blgia
1457 726 1663 823 Fungiaque
1692 730 1900 811 observatae
1924 741 2025 815 colar
2051 765 2155 845 voge-

432 859 590 941 tabilium
622 854 829 929 inferiorum
861 864 1023 927 octauam
1054 852 1218 949 vitaeque
1241 853 1414 925 rationem
1442 855 1487 927 ad
1517 854 1719 943 animalem,
1755 862 1887 935 acilioet
1911 886 1933 939 e
1953 868 2156 969 phacnoga.

432 1008 570 1061 marum
591 1006 709 1056 annuo
729 984 921 1056 humorum
942 981 1091 1054 circuitu
1110 983 1156 1053 ad
1173 982 1403 1054 animantium
1416 997 1720 1071 momentaneum,
1744 1012 1790 1075 np
1805 990 1922 1065 dicem
1939 999 2156 1089 continuum,

432 1115 656 1187 aurolentam
677 1124 954 1186 commonstrare
976 1111 1133 1196 videtur,
1164 1110 1204 1181 id
1220 1111 1323 1205 quod
1334 1110 1370 1181 in
1386 1110 1521 1205 Fungia
1537 1114 1649 1186 multo
1672 1116 1782 1214 magia
1794 1118 1959 1194 obtinere
1976 1130 2159 1218 praeclara

433 1220 683 1316 demoaltravit
705 1241 759 1318 ΙΙΙ.
784 1241 976 1339 Neeaiua
1004 1238 1054 1311 ab
1089 1236 1318 1310 Eaeabacla
1335 1235 1381 1330 *).
1442 1239 1638 1314 Liobenum
1656 1244 1817 1340 inaupar,
1848 1250 1900 1319 uti
1920 1247 1993 1357 jana
2016 1278 2085 1347 pro
2105 1258 2158 1328 di·

431 1370 616 1445 atinatione
639 1370 862 1453 monuimus,
895 1389 967 1438 non
990 1378 1127 1439 tanturn
1147 1366 1274 1451 thalla,
1311 1365 1420 1461 idque
1441 1361 1573 1462 juniori
1595 1372 1704 1445 atarili
1730 1376 1787 1446 vel
1811 1376 2004 1469 apotheciia
2028 1402 2157 1458 aanor·

432 1498 566 1573 loribuo
586 1498 753 1596 gaudenti
776 1494 955 1592 copiosiua
971 1496 1131 1566 inhaeret
1149 1495 1265 1577 calor,
1291 1496 1354 1567 aed
1367 1495 1408 1567 in
1426 1496 1615 1590 apothecih
1636 1496 1741 1573 florea
1759 1500 1966 1601 fruunque
1989 1510 2157 1585 mentien-

430 1627 523 1702 tihua
538 1627 725 1726 gignendis
745 1626 852 1696 modo
873 1621 1091 1694 memorabili
1108 1621 1323 1695 secernitur:
1356 1622 1438 1695 hino
1452 1624 1671 1699 Lichanaa
1691 1629 1907 1727 axydatat
1923 1646 1966 1707 et
1985 1638 2156 1713 colore·

432 1770 500 1830 toa
523 1754 780 1851 apotheciia
803 1749 1113 1824 discoloribus
1137 1748 1379 1824 instructae
1407 1752 1556 1826 diximus
1578 1752 1644 1848 **).
1694 1760 1829 1829 Notatu
1849 1759 2158 1873 inaupcrdppaan

431 1896 505 1968 eat,
526 1886 686 1959 calorem
708 1881 853 1956 citatum
873 1891 981 1952 atrato
1005 1880 1249 1952 tantummodo
1266 1880 1425 1953 carticali
1445 1903 1512 1955 noe
1532 1882 1736 1971 medullari,
1760 1898 1796 1959 ot
1813 1874 2158 1987 perrumpitur·

430 2013 599 2109 analoga,
623 2035 690 2082 uec
711 2013 838 2083 nuclea
861 2010 1063 2101 inhaerere3
1096 2028 1213 2105 noque
1237 2032 1310 2081 aaa
1336 2009 1529 2083 auhatantia
1551 2012 1674 2089 viridia
1699 2014 1736 2086 in
1758 2018 1937 2090 nonnullis
1961 2019 2157 2099 lichenihua

431 2140 519 2213 aliae
538 2139 721 2223 exteriori,
746 2159 838 2232 quaa
859 2138 1057 2210 humectata
1076 2138 1216 2235 hyalina
1234 2136 1367 2222 evenit,
1391 2139 1585 2225 auhatrata,
1613 2140 1808 2237 eadamque
1828 2144 1873 2217 ab
1891 2145 2038 2222 aliarum
2057 2151 2157 2244 plan.

430 2282 547 2341 tarum
563 2267 712 2340 materia
727 2266 829 2338 viridi
852 2278 925 2339 uad
946 2267 1082 2339 diversa
1102 2264 1196 2361 m),
1226 2267 1383 2339 colorem
1402 2268 1500 2339 thalli
1519 2269 1586 2343 auh
1605 2292 1697 2366 aqua
1719 2271 1869 2347 viridem
1884 2276 1937 2347 ad
1957 2276 2030 2347 Cal.
2053 2279 2158 2353 'l're-

294 2422 300 2427 ·
431 2396 576 2469 viraui
592 2394 636 2493 †)
659 2396 866 2468 cantantium
885 2390 1038 2469 efficient
1056 2394 1130 2492 ipaa
1142 2395 1282 2467 videtur
1295 2395 1488 2468 substantia
1506 2396 1679 2471 corticelia
1698 2398 1743 2469 ad
1760 2398 1983 2494 auperfiaiem
1996 2406 2154 2502 quidam,

431 2536 610 2612 emortua,
644 2524 785 2609 deusta,
821 2525 886 2598 aab
909 2546 1001 2619 aqna
1025 2544 1111 2597 vara
1134 2546 1217 2596 cum
1239 2524 1429 2618 apotheciia
1454 2524 1538 2618 ipaia
1565 2527 1712 2600 antehac
1732 2528 1936 2604 nubicundia
1958 2533 2156 2620 vironoona,

430 2653 467 2726 id
489 2656 586 2751 quad
607 2677 672 2748 pro
701 2652 974 2751 deaoxydatione
996 2677 1024 2731 a.
1046 2653 1164 2749 patine
1192 2674 1259 2747 pro
1282 2666 1404 2726 mutua
1424 2654 1518 2725 inter
1537 2654 1683 2728 thallum
1715 2671 1749 2727 et
1775 2656 1998 2751 apathonium
2022 2662 2155 2759 oxyda·

430 2782 536 2856 tionia
555 2783 844 2879 compensatione
862 2795 896 2854 et
912 2781 1017 2878 quani
1034 2781 1070 2852 in
1083 2782 1210 2880 Algam
1223 2781 1411 2877 aquatilem
1432 2781 1706 2876 metamorphoai
1721 2782 1838 2856 laliaci
1849 2784 1984 2859 habore
2002 2789 2155 2864 mallem.

546 2912 684 2985 Interea
706 2913 792 2984 dum
813 2912 864 2982 ad
887 2907 1194 2989 fructificationem
1215 2909 1410 3004 parandam
1435 2930 1624 3003 procetaua
1652 2908 1777 2983 citatus
1792 2914 1978 2990 -extcrioria
2001 2919 2158 2995 colorem

433 3042 610 3127 immutat,
646 3042 826 3114 nucleua
855 3037 1123 3136 apotheciorum
1148 3039 1361 3135 galatinoaua
1395 3050 1549 3110 eatrato
1580 3038 1765 3115 medullari
1792 3042 1948 3139 gignitur
1972 3070 2158 3143 nunquam

432 3172 648 3246 desideratur
664 3194 731 3245 nec
752 3183 861 3245 atrato
889 3166 1046 3245 carricati
1067 3177 1229 3260 receptus
1248 3162 1414 3261 ††),aub
1436 3166 1529 3239 lauta
1556 3168 1750 3260 compotita
1772 3168 1928 3247 eilaccia
1946 3173 2156 3245 manciaria
2268 3175 2272 3181 ·

432 3315 615 3381 conamur,
651 3302 715 3389 qui
742 3301 781 3363 iu
808 3297 1000 3383 apatheeiia
1023 3292 1178 3383 globatio
1200 3288 1369 3361 ramuloai
1391 3288 1555 3379 implexi,
1584 3288 1622 3359 in
1653 3290 1781 3383 apertio
1811 3295 1937 3366 nucleo
1959 3295 2156 3373 diacifarmi

431 3420 801 3523 gaudentibnacracti,
817 3416 999 3514 paralleli,
1023 3414 1179 3489 tabulati
1199 3415 1441 3489 obaervrntur.
1491 3415 1536 3487 M
1543 3438 1647 3511 argo
1669 3419 1902 3513 apothecii
1924 3422 2155 3503 thollodea

476 3728 509 3815 ⁶)
528 3730 711 3797 llandbuab
732 3730 792 3795 der
807 3732 946 3796 Batenib
965 3732 989 3793 l.
1023 3748 1055 3811 p·
1077 3743 1116 3796 ιθ
1140 3744 1231 3813 oeqp.

449 3876 509 3953 .··)
528 3876 592 3943 eir.
612 3876 708 3941 etiam
727 3878 821 3941 Alex.
845 3876 885 3939 ab
904 3870 1101 3945 llumboldt,
1125 3867 1248 3953 Aphor.
1272 3868 1340 3931 bot.
1363 3868 1393 3949 b.
1412 3884 1457 3931 ta.
1479 3887 1513 3951 p.
1530 3884 1593 3949 tro.

431 4016 505 4107 m)
524 4019 586 4085 olr.
609 4019 810 4086 Schrader
837 4020 872 4083 in
901 4018 991 4084 Berl.
1020 4013 1133 4081 Jahrb,
1160 4013 1215 4079 tar
1242 4012 1297 4076 die
1322 4009 1511 4075 Pharmaoie
1532 4012 1604 4077 ¹1.
1643 4029 1675 4094 p.
1696 4030 1743 4081 st.
1776 4030 1809 4079 et
1829 4016 1920 4079 ‘berb
1945 4020 2068 4101 blagen.
2097 4022 2156 4087 dor

531 4130 713 4195 Goacllaab.
737 4128 951 4197 naturlorocb.
971 4122 1135 4193 annde.
1175 4135 1248 4191 ater
1269 4120 1377 4205 Jahrg.
1401 4122 1487 4189 turb.
1509 4140 1542 4204 p.
1573 4136 1640 4187 aar.

466 4252 512 4353 a
535 4270 742 4345 terminate
762 4272 927 4337 scantin
949 4272 1005 4341 tv.
1037 4290 1071 4355 p.
1088 4282 1137 4339 n.

58 4494 62 4503 ,
429 4424 496 4507 ἢ)
523 4426 577 4493 De
597 4420 881 4493 Stercoaaulo,
917 4414 974 4478 ubi
1002 4412 1199 4479 eontrarium
1224 4412 1331 4477 inanit
1347 4412 1542 4478 babaria·
1569 4376 1784 4497 (hicbanopr.
1806 4413 1898 4479 linir.
1930 4432 1964 4497 p.
1987 4432 2052 4483 aaa.
2083 4414 2148 4485 tab,

77 4608 91 4645 r
182 4566 194 4597 ·.
349 4590 360 4609 .
489 4638 494 4645 .
530 4539 638 4614 xit),
678 4533 739 4599 cir.
758 4529 854 4596 etiam
871 4524 1141 4597 Tauricana,
1173 4521 1380 4595 verniacbto
1404 4522 1571 4591 Sobrilton
1590 4522 1645 4597 lv.
1678 4538 1774 4607 pop.
