4582 5724
684 1222 1062 1362 Systema
1112 1214 1593 1332 Lichcnum.
1870 1234 1874 1243 ’

1001 1455 1262 1488 *-

268 1670 484 1819 Principiis
508 1714 819 1817 supramemoratis
840 1698 1112 1793 consentaneam
1135 1719 1264 1792 tentavi
1293 1698 1464 1819 generum
1490 1718 1779 1821 dispositionem,
1813 1735 2005 1796 stratum
2062 1717 2065 1721 ’
2184 1732 2188 1741 “

275 1850 531 1953 medullare¹
548 1868 611 1922 seu
630 1846 776 1919 thallum
799 1858 834 1916 et
856 1846 1094 1939 apothecii
1115 1847 1324 1942 nucleum
1352 1840 1453 1941 quasi
1473 1869 1541 1940 pro
1566 1847 1706 1923 duobus
1733 1849 1895 1943 ellipseos
1917 1832 2006 1923 locis

274 1978 457 2054 adhihens.
520 1974 695 2049 Videntur
723 1973 890 2046 nimirum
918 1956 1197 2051 lruuidcauonis
1221 1999 1353 2071 organa
1385 1974 1421 2047 in
1451 1974 1665 2047 Lichenibus
1691 1966 1807 2047 minus
1833 2001 1941 2071 quam
1970 1950 2007 2050 in

275 2107 403 2203 plantis
430 2105 633 2180 soxualihus
660 2127 733 2176 uua
761 2126 843 2177 curn
866 2100 964 2176 thalli
989 2104 1167 2200 totiusque
1197 2104 1338 2178 habitus
1364 2101 1563 2176 diversitate
1586 2103 1662 2196 ipsa
1683 2099 1842 2188 differre,
1876 2126 2006 2209 genera
2100 2106 2136 2141 “·

276 2233 360 2306 hinc
384 2234 421 2306 in
450 2235 716 2331 apotheeiorum
743 2233 969 2307 solummodo
993 2245 1207 2306 structuram
1238 2231 1380 2305 condita
1404 2231 1521 2303 minus
1547 2231 1720 2304 naturalis
1742 2252 1830 2305 esse.
1889 2196 2006 2305 sirius

277 2360 397 2457 itaque
430 2364 535 2448 drrxi,
573 2362 779 2435 methodum
803 2360 1081 2458 physiologicam
1115 2362 1231 2433 omnia
1262 2362 1462 2455 plantarum
1495 2382 1627 2457 organa
1657 2358 1947 2455 complectentem
1971 2359 2008 2431 iu

277 2488 441 2587 Fungis
464 2487 536 2585 jam
555 2488 702 2563 feliciter
724 2502 891 2561 tentatam
912 2492 1100 2584 adoptare,
1123 2490 1232 2585 idque
1249 2488 1438 2585 eumgis,
1460 2511 1542 2561 cum
1561 2488 1737 2561 anatomia
1756 2488 1793 2559 in
1810 2486 2009 2562 domesticis

281 2639 395 2714 comte
409 2641 450 2691 ac
463 2617 501 2690 iu
516 2617 592 2691 aliis
602 2616 797 2693 lichenibus
816 2617 994 2692 ediversis
1009 2618 1105 2720 orbis
1120 2632 1294 2690 terrarum
1310 2604 1469 2710 partibus
1486 2616 1620 2711 absque
1634 2615 1730 2691 omui
1746 2617 1942 2713 systematis
1955 2640 2009 2721 re·

144 2806 149 2815 .
250 2836 253 2849 Ι
280 2759 405 2843 spectu
426 2747 580 2822 solertim
603 2747 759 2820 instituta
775 2769 906 2842 paucas
930 2748 1154 2833 solummodo
1178 2745 1276 2833 thalli
1300 2745 1549 2843 apotheciique
1573 2752 1770 2818 structurae
1796 2742 2009 2819 differentias
2096 2822 2104 2829 ,

281 2875 480 2951 essentiales
507 2898 701 2973 earumque
727 2876 764 2947 in
792 2875 939 2949 diversis
966 2875 1095 2948 nostris
1121 2874 1309 2972 generibus
1335 2873 1510 2968 simplices
1537 2873 1702 2946 revelarit
1720 2871 2009 2947 combinationes.

280 3000 434 3096 lamiam
457 3006 672 3078 alcharius
698 3016 876 3077 certamen
898 3004 943 3074 de
961 3004 1146 3098 apothecio
1169 3004 1322 3076 thallove
1339 3005 1385 3075 ad
1401 3001 1621 3075 efformauda
1640 3024 1770 3099 genera
1789 3004 2012 3100 praevalente

280 3134 476 3224 marginem
496 3130 667 3220 imprimis
687 3131 860 3219 apothecii
878 3132 1067 3203 thallodem
1091 3145 1249 3201 nurtuam
1273 3115 1364 3202 iriter
1387 3144 1536 3227 utraque
1557 3131 1767 3203 relationem
1791 3128 2013 3202 exhibentem

281 3257 462 3328 celebrans
479 3275 693 3350 componere
707 3254 869 3339 tentavit,
890 3277 996 3349 quem
1016 3278 1099 3327 vero
1112 3257 1306 3350 marginem
1319 3261 1359 3341 in
1369 3258 1576 3346 mustaceis,
1598 3232 2012 3349 characteresepartium

281 3398 456 3457 structura
473 3382 847 3477 derivatos‘ignoraus‚
871 3383 970 3455 nimii
988 3380 1086 3468 fecit,
1110 3383 1148 3454 iu
1167 3382 1322 3456 loliaceis
1348 3395 1513 3466 econtra,
1536 3405 1690 3478 quorum
1704 3404 1834 3480 genera
1845 3383 2014 3455 nonnulla

282 3515 437 3601 (Sticta
452 3513 588 3583 emend.
603 3513 683 3603 Spr.
698 3523 732 3580 ct
743 3511 946 3608 Hageuia
960 3512 1097 3603 nostra)
1109 3512 1270 3607 margine
1282 3509 1453 3601 imprimis
1465 3510 1613 3604 obliquo
1625 3511 1785 3584 distincta
1798 3523 1890 3594 sunt,
1908 3512 2013 3604 plane

284 3641 446 3736 neglexit.
504 3639 685 3736 Equidem
708 3637 867 3733 proiecto
901 3640 996 3709 hunc
1025 3639 1265 3711 characterem
1294 3637 1514 3732 modumque
1547 3632 1720 3711 affixiouis
1749 3638 2014 3741 apotheciorum

156 3846 160 3851 ,
282 3770 327 3840 ad
350 3792 478 3864 genera
506 3765 716 3861 perfectiora
746 3764 991 3861 distinguenda
1020 3767 1243 3850 advocasset,
1277 3766 1343 3837 nisi
1373 3765 1523 3837 laminae
1548 3765 1748 3839 discoideae
1774 3767 1810 3838 iu
1836 3764 2014 3838 nonnullis

282 3912 407 3970 natura
437 3922 499 3970 sua
519 3895 694 3992 pellucido
718 3907 752 3966 et
777 3895 967 3967 concolora
992 3895 1159 3989 deceptus
1185 3896 1223 3967 in
1241 3919 1330 3967 uana
1355 3894 1841 3995 Homothalamiorum
1864 3910 2012 3968 suorum

283 4026 507 4099 distinctione
542 4025 650 4098 tutius
684 4024 953 4097 fundamentum
986 4023 1254 4119 quaesivisset..
1275 4023 1444 4118 opinans,
1491 4020 1689 4094 Lichenum
1720 4024 1905 4117 apothecis
1934 4022 2010 4095 sine

283 4159 410 4229 nucleo
428 4168 581 4228 stratore
599 4155 794 4253 gelatinoso
814 4153 961 4226 existere
981 4173 1099 4244 posse.
1146 4151 1352 4246 Marginem
1378 4131 1645 4245 apotheciorum
1664 4152 1872 4234 thallodem,
1897 4160 1937 4219 ut
1952 4148 2011 4218 alii

284 4297 427 4381 putant,
451 4283 689 4355 characterem
705 4283 849 4353 omuino
868 4303 1002 4351 vanum·
1012 4280 1217 4375 perhibere,
1240 4303 1283 4351 ex
1298 4301 1341 4350 eo
1354 4279 1542 4371 praecipue
1559 4279 1745 4360 refellitur,
1770 4278 1868 4371 quod
1881 4298 2011 4372 genera

286 4430 405 4491 nestra
419 4407 675 4506 quamplurima
689 4411 769 4482 licet
782 4410 858 4482 aliis
867 4407 1047 4504 principii·
1057 4408 1177 4481 innixa
1188 4430 1268 4480 cum
1284 4405 1487 4481 satanam
1500 4408 1647 4481 omniuo
1663 4417 1871 4500 congruant.
1908 4402 2010 4501 Quae
