4606 5736
477 679 563 729 vcro
594 666 634 725 ut
659 651 767 723 tutius
793 648 1069 743 distinguantur,
1105 649 1264 720 omnium
1288 649 1442 743 partium
1473 658 1649 720 structura
1680 647 1893 724 conferenda
1925 664 1957 724 st
1980 622 2200 750 singulorum

477 810 560 858 cum
583 780 728 855 caeteris
753 776 917 848 omnibus
943 770 1124 849 affinitates
1143 774 1381 870 respiciendae
1408 789 1500 847 sunt.
1565 776 1606 846 ln
1630 775 1744 847 clavi
1770 799 1980 873 generum
2004 784 2099 855 hisce
2120 783 2202 855 sub·

476 936 571 986 nexa
602 912 756 981 diverses
785 905 847 977 hee
873 889 1057 976 affinitates
1089 917 1123 975 et
1150 903 1329 998 analogias
1354 917 1444 975 'ente
1472 898 1595 975 octilos
1617 926 1752 997 ponera
1774 908 1917 991 studui,
1959 909 2005 981 ite
2031 923 2071 982 ut
2094 911 2202 984 serias

478 1036 727 1131 transversales
760 1053 874 1128 ecque
909 1054 952 1103 ac
983 1031 1165 1103 verticales
1198 1035 1382 1102 continuas
1416 1029 1612 1101 formarum
1655 1002 1871 1110 evolutiones
1908 1036 2043 1116 sistant.
2108 1037 2202 1108 Hinc

380 1224 393 1231 -
479 1166 691 1264 apotheci
699 1164 712 1233 i
744 1159 981 1231 evolutionem
1004 1172 1165 1243 secutus,
1199 1159 1408 1230 nucleum
1437 1158 1639 1231 observabis
1671 1162 1799 1234 sensim
1829 1164 1945 1235 lucem
1977 1168 2096 1237 versus
2120 1186 2201 1258 ape·

480 1297 669 1377 riundum,
695 1295 733 1365 in
755 1286 894 1360 infimis·
908 1287 1047 1359 uonuisi
1068 1286 1195 1368 thalla,
1224 1278 1308 1359 mo'x
1332 1284 1525 1385 p'eritlrecio
1542 1285 1735 1370 inclusum,
1758 1290 1842 1377 dein
1858 1292 1984 1363 eodem
2000 1290 2202 1375 suffultum,

481 1427 625 1497 taudem
648 1446 729 1494 cum
757 1419 883 1490 eodem
906 1415 1142 1489 confluentem
1173 1414 1216 1484 ad
1234 1413 1408 1523 'laminam
1434 1414 1648 1487 discoideem
1672 1417 1821 1490 vividius
1847 1421 2059 1515 coloratam,
2092 1432 2202 1490 totam

481 1553 711 1651 gelatinosam
733 1550 771 1621 in
796 1542 1224 1642 superlicie''thecigerem
1253 1549 1362 1637 (quae
1384 1542 1556 1636 imprimis
1576 1542 1811 1617 Biatoram
1838 1547 1937 1618 Fries
1965 1572 1984 1619 a
2010 1549 2204 1619 Lecidee

485 1678 680 1775 distinguit)
707 1676 965 1747 efformandern
988 1669 1214 1766 observabis:
1249 1669 1345 1765 illinc
1368 1670 1500 1742 thalli
1523 1668 1740 1745 differentiae
1764 1675 1847 1747 setis
1870 1690 1975 1748 notae
1997 1676 2205 1758 acueratius,

388 1800 392 1807 ’
483 1778 591 1905 quem
618 1808 801 1899 hircusquc
825 1800 978 1887 fectum,
1008 1798 1282 1894 distinguuntur.
1349 1800 1389 1870 ln
1414 1800 1603 1873 crusteceis
1626 1802 1671 1873 ab
1697 1802 1796 1875 initio
1820 1804 1967 1876 thallum
1993 1805 2090 1876 vides
2112 1803 2205 1897 peri·

481 1935 587 2009 thecii
606 1934 729 2005 iisdem
751 1928 923 2025 imprimis
945 1925 1080 2023 proprii
1105 1927 1342 1998 evolutionem
1367 1928 1520 2027 vestigiis
1543 1931 1661 2026 sequi,
1694 1932 1808 2005 donec
1828 1934 2149 2031 Pyrenestrum
2171 1942 2205 2000 et
2287 1948 2295 1957 ·

483 2058 803 2138 Astrotbelium
827 2054 1061 2151 paritbecium
1089 2056 1194 2149 longa
1217 2057 1417 2130 oetioletum
1448 2058 1485 2162 iu
1509 2059 1617 2129 thalla
1639 2058 1764 2131 laetius
1785 2062 1942 2134 colorato
1967 2060 2116 2133 subinde
2141 2059 2206 2129 du·

480 2194 610 2291 plicato
642 2188 852 2283 perbibent3
899 2183 1027 2254 abhinc
1060 2182 1283 2278 apothecium
1316 2198 1478 2280 apertum
1511 2186 1558 2257 ad
1590 2187 1756 2261 laminam
1790 2189 2004 2262 discoidsem
2028 2189 2204 2284 simulque

456 2404 459 2409 ,
482 2322 612 2392 thallus
633 2319 679 2387 ad
694 2314 844 2387 lormam
858 2311 1042 2383 soliaceem
1064 2313 1194 2385 sensim
1212 2310 1393 2386 accedunt.
1445 2314 1586 2386 Genera
1601 2312 1681 2387 ideo
1698 2298 1828 2388 arctius
1848 2340 2005 2417 connexe
2026 2316 2062 2389 in
2080 2316 2203 2391 eedem

483 2470 622 2541 semper
651 2443 742 2519 seria
760 2440 943 2513 collocata
972 2439 1154 2512 iuvenies:
1196 2441 1256 2541 ⁵sic
1285 2466 1317 2514 v.
1345 2466 1375 2514 c.
1389 2442 1464 2514 lvir
1494 2444 1565 2513 ulla
1598 2445 1700 2516 detur
1725 2445 2019 2543 Opegraphae
2050 2445 2202 2541 species,

483 2573 585 2673 cujus
609 2569 791 2669 apothecis
816 2568 976 2665 elongate
1001 2591 1075 2640 non
1104 2568 1180 2641 eliis
1210 2570 1407 2643 rotundatis
1433 2573 1460 2643 P
1467 2573 1680 2668 yrenulee
1706 2573 1925 2646 intermixtae
1945 2574 2031 2658 sint,
2065 2571 2203 2668 generis

483 2727 566 2783 cum
597 2703 747 2796 analoga
776 2696 1080 2793 Trypethelio
1115 2720 1184 2792 ope
1213 2696 1467 2794 Pyrenulae
1497 2699 1773 2772 isebellinae
1804 2712 1943 2772 nostrae
1975 2712 2010 2771 et
2039 2700 2204 2795 Trype'·

479 2830 610 2906 thalii
636 2826 784 2925 perosi
808 2826 896 2897 Aah.
920 2824 1071 2897 meximc
1099 2824 1262 2898 connexi.
1315 2828 1373 2898 Sic
1403 2851 1495 2924 quae
1517 2828 1602 2900 olim
1615 2826 1661 2899 in
1684 2850 1795 2898 unum
1819 2828 2015 2927 colligenda
2040 2827 2204 2899 censebat

482 2962 557 3039 Cel.
574 2958 803 3038 Fldrhius‚
826 2952 1086 3036 Lccidsam,
1119 2954 1451 3049 capitularium
1474 2958 1888 3042 etStereoceulon,
1914 2957 1950 3028 in
1973 2955 2202 3050 dispositione

480 3104 601 3164 nostra
633 3082 900 3187 horizontaliter
933 3080 999 3153 sibi
1031 3081 1191 3175 apposita
1229 3082 1406 3166 invenies3
1455 3107 1537 3157 cum
1570 3106 1656 3156 vcro
1688 3098 1850 3179 respectu
1883 3086 1981 3159 thalli
2007 3083 2202 3159 secundum

477 3202 651 3315 principia
672 3212 827 3285 adhibite
846 3205 1016 3307 conjungi
1038 3222 1235 3304 nequeunt,
1272 3212 1469 3282 accuratior
1495 3208 1567 3303 jem
1591 3212 1687 3281 thalli
1715 3213 1751 3278 in
1777 3212 1922 3279 diversis
1947 3210 2131 3304 speciebus
2150 3208 2203 3281 di·

480 3343 619 3418 stinctio
654 3361 744 3430 opus
777 3352 852 3405 csta
902 3338 1093 3403 Locidae
1116 3336 1390 3407 vesicularis
1415 3336 1494 3408 ideo
1518 3322 1575 3407 'ob
1599 3334 1747 3407 thallum
1775 3334 1833 3407 vix
1866 3360 1939 3410 nou
1966 3339 2200 3417 ramulosunr‚

478 3474 573 3547 intus
596 3465 856 3538 filamentosum
879 3456 925 3531 ad
945 3459 1285 3547 ssereeeauton,
1318 3440 1523 3535 besides
1547 3462 1780 3556 decipiens
1802 3487 1903 3547 vero,
1929 3486 2020 3559 quae
2039 3476 2201 3558 respectu

478 3593 653 3695 apothecii
674 3593 719 3673 ad
737 3590 965 3663 Riatoram
987 3588 1197 3682 pertineret,
1223 3592 1270 3663 ob
1290 3591 1386 3663 thalli
1412 3590 1672 3663 membranacei
1698 3603 1843 3663 suetum
1865 3589 2011 3662 inferius
2030 3587 2200 3662 flocculo·

404 3770 408 3779 ·
478 3750 558 3802 sum
580 3725 626 3796 ed
646 3704 751 3793 huius
769 3716 1102 3815 generisenelogon
1124 3718 1367 3795 Peltideam
1391 3720 1613 3821 amandanda
1635 3696 1712 3794 ests
1748 3739 1865 3814 neque
1886 3718 2010 3791 aedem
2031 3741 2053 3791 a
2072 3717 2201 3792 Pelti·

482 3856 562 3929 dee
583 3872 743 3928 venosa
763 3848 870 3947 louge
891 3844 1031 3920 recedis

1098 4102 1595 4130 affl..
